% This file was created with JabRef 2.7b.
% Encoding: ISO8859_1
	
@ARTICLE{li:1954:edie,
  author = {Edie, L. C.},
  title = {Traffic Delays at Toll Booths},
  journal = {Journal Operations Research Society of America, 2(2)},
  year = {1954},
  pages = {107 - 138},
}

@ARTICLE{li:1954:dantzig,
  author = {Dantzig, G. B. },
  title = {A comment on {E}ddie’s traffic delays at toll booths},
  journal = {Operations Research, 2(3)},
  year = {1954},
  pages = {339 - 341},
}
	
@ARTICLE{li:2004:musliu,
  author = {Musliu, N. and Schaerf, A. and Slany, W.},
  title = {Local search for shift design},
  journal = {European Journal of Operational Research, 153(1)},
  year = {2004},
  pages = {51 - 64},
}
	
@ARTICLE{li:2001:musliu,
  author = {Musliu, N.},
  title = { Intelligent Search Methods for Workforce Scheduling: New Ideas and Practical Applications.},
  journal = {PhD thesis, Vienna University of Technology},
  year = {2001},
}

@ARTICLE{li:1996:aykin,
  author = {Aykin, T.},
  title = {Optimal shift scheduling with multiple break windows},
  journal = {Management Science, 42(4)},
  year = {1996},
  pages = {591 - 602},
}

@ARTICLE{li:1998:aykin,
  author = {Aykin, T.},
  title = {A composite branch and cut algorithm for optimal shift scheduling with multiple breaks and break windows.},
  journal = {Journal of the Operational Research Society, 49(6)},
  year = {1998},
  pages = {603 - 615},
}

@ARTICLE{li:2000:aykin,
  author = {Aykin, T.},
  title = {A comparative evaluation of modelling approaches to the labour shift scheduling problem},
  journal = {European Journal of Operational Research, 125 (2)},
  year = {2000},
  pages = {381 - 397},
}

@ARTICLE{li:2007:gaspero,
  author = {Di Gaspero, L. and G\"artner, J. and Kortsarz, G. and Musliu, N. and Schaerf, A. and Slany, W.},
  title = {The minimum shift design problem},
  journal = {11th Annual European Symposium, Budapest, Hungary},
  year = {2007},
  pages = {593 - 604},
}

@ARTICLE{li:2010:gaspero,
  author = {Di Gaspero, L. and G\"artner, J. and Musliu, N. and Schaerf, A. and Schafhauser, W. and Slany, W.},
  title = {A hybrid {LS}-{CP} solver for the shifts and breaks design problem},
  journal = {In Hybrid Metaheuristics, volume 6373 of Lecture Notes in Computer Science},
  year = {2010},
  pages = {46 - 61},
}

@ARTICLE{li:2013:gaspero,
  author = {Di Gaspero, L. and G\"artner, J. and Musliu, N. and Schaerf, A. and Schafhauser, W. and Slany, W.},
  title = { Automated shift design and break scheduling},
  journal = {Automated Scheduling and Planning, volume 505 of Studies in Computational Intelligence},
  year = {2013},
  pages = {109 - 127},
}

@ARTICLE{li:2014:widl,
  author = {Widl, M. and Musliu, N.},
  title = {The break scheduling problem: complexity results and practical algorithms},
  journal = {Memetic Computing, 6 (2)},
  year = {2014},
  pages = {97 - 112 },
}

@ARTICLE{li:2010:widlimp,
  author = {Widl, M. and Musliu, N.},
  title = {An improved memetic algorithm for break scheduling},
  journal = {HM'10 Proceedings of the 7th international conference on Hybrid metaheuristics},
  year = {2010},
  pages = {133 - 147 },
}

@ARTICLE{li:2009:widl,
  author = {Musliu, N. and Schafhauser, W. and Widl, M},
  title = {A memetic algorithm for a break scheduling problem},
  journal = {In: 8th Metaheuristic International Conference, Hamburg, Germany},
  year = {2009},
}

@ARTICLE{li:2010:widl,
  author = {Widl, M.},
  title = {Memetic algorithms for break scheduling},
  journal = {Master's thesis, Vienna University of Technology, Vienna, Austria},
  year = {2010},
}

@ARTICLE{li:2008:beer,
  author = {Beer, A. and G\"artner, J. and Musliu, N. and Schafhauser, W. and Slany, W.},
  title = {Scheduling breaks in shift plans for call centers},
  journal = {In Proceedings of The 7th International Conference on the Practice and Theory of Automated Timetabling, Montreal, Canada},
  year = {2008},
}

@ARTICLE{li:2010:beer,
  author = {Beer, A. and G\"artner, J. and Musliu, N. and Schafhauser, W.},
  title = {An {AI}-based break-scheduling system for supervisory personnel},
  journal = {Intelligent Systems, IEEE  25 (2)},
  year = {2010},
  pages = {60 - 73},
}

@ARTICLE{li:2000:mehrotra,
  author = {Mehrotra, A. and Murphy, K. E. and Trick, M. A.},
  title = {Optimal shift scheduling: A branch-and-price approach},
  journal = {Naval Research Logistics (NRL), 47 (3)},
  year = {2000},
  pages = {185 - 200},
}

@ARTICLE{li:2001:gärtner,
  author = {G\"artner, J. and Musliu, N, and Slany, W,},
  title = {Rota: a research project on algorithms for workforce scheduling and shift design optimization},
  journal = {AI Commun 14 (2)},
  year = {2001},
  pages = {83 - 92},
}

@ARTICLE{li:1990:bechtold,
 author = {Bechtold, S. E. and Jacobs, L. E.},
 title = {Implicit Modeling of Flexible Break Assignments in Optimal Shift Scheduling},
 journal = {Manage. Sci.},
 issue_date = {Nov. 1990},
 volume = {36},
 number = {11},
 month = nov,
 year = {1990},
 issn = {0025-1909},
 pages = {1339--1351},
 numpages = {13},
 url = {http://dx.doi.org/10.1287/mnsc.36.11.1339},
 doi = {10.1287/mnsc.36.11.1339},
 acmid = {108174},
 publisher = {INFORMS},
 address = {Institute for Operations Research and the Management Sciences (INFORMS), Linthicum, Maryland, USA},
} 

@ARTICLE{li:1995:thompson,
 author = {Thompson, G. M.},
 title = {Improved Implicit Optimal Modeling of the Labor Shift Scheduling Problem},
 journal = {Manage. Sci.},
 issue_date = {April 1995},
 volume = {41},
 number = {4},
 month = apr,
 year = {1995},
 issn = {0025-1909},
 pages = {595--607},
 numpages = {13},
 url = {http://dx.doi.org/10.1287/mnsc.41.4.595},
 doi = {10.1287/mnsc.41.4.595},
 acmid = {208784},
 publisher = {INFORMS},
 address = {Institute for Operations Research and the Management Sciences (INFORMS), Linthicum, Maryland, USA},
 keywords = {implicit modeling, integer programming, labor scheduling},
} 

@ARTICLE{li:1976:moondra,
  author = {Moondra, S. L.},
  title = {An {L.P.} model for workforce scheduling in banks},
  journal = {Journal of Bank Research, 6},
  year = {1976},
  pages = {299 - 301},
}

@ARTICLE{li:2005:gaertner,
author={G\"artner, J. and Musliu, N. and Slany, W.},
title={A heuristic based system for generation of shifts with breaks},
journal={Applications and Innovations in Intelligent Systems XII},
year={2005},
pages={95-106},
}

@ARTICLE{li:2006:gaertner,
author={G\"artner, J. and Musliu, N. and Slany, W.},
title={Comparing mathematical and local search heuristic for solving the minimum shift design problem with breaks},
year={2006},
}

@ARTICLE{li:2010:abseher,
  author = {Abseher, M.},
  title = {Solving Shift Design Problems with Answer Set Programming},
  journal = {Master's thesis, Vienna University of Technology, Vienna, Austria},
  year = {2013},
}

@article{li:2010:rekik,
year={2010},
issn={1094-6136},
journal={Journal of Scheduling},
volume={13},
number={1},
doi={10.1007/s10951-009-0114-z},
title={Implicit shift scheduling with multiple breaks and work stretch duration restrictions},
url={http://dx.doi.org/10.1007/s10951-009-0114-z},
publisher={Springer US},
keywords={Shift scheduling; Flexibility; Breaks; Work stretch restrictions; Forward and backward constraints},
author={Rekik, M. and Cordeau, J. F. and Soumis, F.},
pages={49-75},
language={English}
}
